@misc{Gettings40:online,
author = {},
title = {Getting started - Rust Programming Language},
howpublished = {\url{https://www.rust-lang.org/learn/get-started}},
month = {},
year = {},
note = {(Accessed on 04/11/2021)}
}
@misc{InstallR15:online,
author = {},
title = {Install Rust - Rust Programming Language},
howpublished = {\url{https://www.rust-lang.org/tools/install}},
month = {},
year = {},
note = {(Accessed on 11/04/2021)}
}
@misc{rustuprs85:online,
author = {},
title = {rustup.rs - The Rust toolchain installer},
howpublished = {\url{https://rustup.rs/}},
month = {},
year = {},
note = {(Accessed on 11/04/2021)}
}
